
@online{ref_url1,
	title = {Service Computing Department Homepage},
	date = {4 Oct 2017},
	url = {https://www.noao.edu/education/QLTkit/ACTIVITY_Documents/Safety/LightLevels_outdoor+indoor.pdf},
@online{ref_url1,
	title = {Service Computing Department Homepage},
	date = {4 Oct 2017},
	url = {https://www.nedcc.org/free-resources/preservation-leaflets/2.-the-environment/2.1-temperature,-relative-humidity,-light,-and-air-quality-basic-guidelines-for-preservation},
}